@article{Warren:2009,
Author = {Warren B., Powell},
Keywords = {approximate dynamic programming, reinforcement learning, neuro-dynamic programming, stochastic optimization, Monte Carlo simulation},
Title = {What You Should Know About Approximate Dynamic Programming.},
journal = {Naval Research Logistics (NRL)},
volume = {56},
number = {3},
pages = {239-249},
URL = {https://onlinelibrary.wiley.com/doi/abs/10.1002/nav.20347},
eprint = {https://onlinelibrary.wiley.com/doi/pdf/10.1002/nav.20347},
Year = {2009}
}

@inproceedings{Billings:2003, 
author = {Billings, D. and Burch, N. and Davidson, A. and Holte, R. and Schaeffer, J. and Schauenberg, T. and Szafron, D.}, 
title = {Approximating Game-Theoretic Optimal Strategies for Full-Scale Poker}, 
year = {2003}, 
publisher = {Morgan Kaufmann Publishers Inc.}, 
address = {San Francisco, CA, USA}, 
booktitle = {Proceedings of the 18th International Joint Conference on Artificial Intelligence}, 
pages = {661–668}, 
numpages = {8}, 
location = {Acapulco, Mexico}, 
series = {IJCAI’03}
}

@inproceedings{Billings:1999,
  title={Using Probabilistic Knowledge and Simulation to Play Poker},
  author={Darse Billings and Lourdes Pe{\~n}a Castillo and Jonathan Schaeffer and Duane Szafron},
  booktitle={AAAI/IAAI},
  year={1999}
}

@inproceedings{Gilpin:2006,
author = {Gilpin, Andrew and Sandholm, Tuomas},
year = {2006},
pages = {160-169},
title = {Finding equilibria in large sequential games of imperfect information},
volume = {2006},
booktitle = {Proceedings of the ACM Conference on Electronic Commerce},
}

@INPROCEEDINGS{Warren:2008,
  author={Warren B. Powell},
  booktitle={2008 Winter Simulation Conference}, 
  title={Approximate dynamic programming: Lessons from the field}, 
  year={2008},
  volume={},
  number={},
  pages={205-214},}
   
@mastersthesis{Shanahan:1984,
author = {Shanahan, Kathleen Jean},
keywords = {Health and Physical Education},
language = {eng},
year = {1984},
pages = {iv, 71 pages},
school = {University of Iowa},
title = {A model for predicting the probability of a win in basketball},
}

@BOOK{Thorp:2017,
  TITLE = {A Man for All Markets},
  SUBTITLE = {From Las Vegas to Wall Street, How I Beat the Dealer and the Market},
  AUTHOR = {Edward O. Thorp},
  YEAR = {2017}, 
  PUBLISHER = {Random House},
}
